<record><leader>00000cas a22000007a 4500</leader><controlfield tag="001">33224951</controlfield><controlfield tag="008">950929d19941996cauer ne      0   a0eng c</controlfield><controlfield tag="009">467</controlfield><datafield ind1=" " ind2=" " tag="010"><subfield code="a">sn 95003214 </subfield></datafield><datafield ind1=" " ind2=" " tag="040"><subfield code="a">NSD</subfield><subfield code="b">eng</subfield><subfield code="c">NSD</subfield><subfield code="d">CNK</subfield><subfield code="d">OCLCQ</subfield></datafield><datafield ind1=" " ind2=" " tag="012"><subfield code="l">1</subfield></datafield><datafield ind1="1" ind2=" " tag="022"><subfield code="a">1084-9300</subfield><subfield code="l">1084-9300</subfield><subfield code="2">1</subfield></datafield><datafield ind1="1" ind2=" " tag="029"><subfield code="a">AU@</subfield><subfield code="b">000025885329</subfield></datafield><datafield ind1=" " ind2=" " tag="037"><subfield code="b">Forest Hill Observer, PO Box 636, Foresthill, CA 95631</subfield><subfield code="c">$16.00</subfield></datafield><datafield ind1=" " ind2=" " tag="042"><subfield code="a">nsdp</subfield><subfield code="a">pcc</subfield></datafield><datafield ind1=" " ind2="0" tag="222"><subfield code="a">Forest Hill observer</subfield></datafield><datafield ind1="0" ind2="0" tag="245"><subfield code="a">Forest Hill observer.</subfield></datafield><datafield ind1="3" ind2="0" tag="246"><subfield code="a">Observer</subfield></datafield><datafield ind1="3" ind2=" " tag="246"><subfield code="a">Foresthill observer</subfield></datafield><datafield ind1=" " ind2=" " tag="260"><subfield code="a">Foresthill, CA :</subfield><subfield code="b">Forest Hill Observer</subfield></datafield><datafield ind1=" " ind2=" " tag="300"><subfield code="a">v.</subfield></datafield><datafield ind1=" " ind2=" " tag="310"><subfield code="a">Biweekly</subfield></datafield><datafield ind1="0" ind2=" " tag="362"><subfield code="a">June 10, 1994-Sept. 25, 1996.</subfield></datafield><datafield ind1=" " ind2=" " tag="500"><subfield code="a">"Forest Hill" appears in smaller type in the "O" of "Observer" in masthead.</subfield></datafield><datafield ind1=" " ind2="4" tag="651"><subfield code="a">Foresthill (Calif.)</subfield><subfield code="v">Newspapers.</subfield></datafield><datafield ind1=" " ind2=" " tag="752"><subfield code="a">United States</subfield><subfield code="b">California</subfield><subfield code="c">Placer</subfield><subfield code="d">Foresthill.</subfield></datafield></record>